<record><leader>00000cas a22000007a 4500</leader><controlfield tag="001">27908626</controlfield><controlfield tag="008">930413d188618uuctuwr ne      0    0eng d</controlfield><datafield ind1=" " ind2=" " tag="010"><subfield code="a">sn 93053917 </subfield></datafield><datafield ind1=" " ind2=" " tag="040"><subfield code="a">CNW</subfield><subfield code="b">eng</subfield><subfield code="c">CNW</subfield><subfield code="d">OCLCQ</subfield><subfield code="d">OCLCF</subfield><subfield code="d">OCLCO</subfield></datafield><datafield ind1="1" ind2=" " tag="029"><subfield code="a">AU@</subfield><subfield code="b">000020738061</subfield></datafield><datafield ind1=" " ind2=" " tag="042"><subfield code="a">msc</subfield></datafield><datafield ind1=" " ind2=" " tag="043"><subfield code="a">n-us-ct</subfield></datafield><datafield ind1="0" ind2="0" tag="245"><subfield code="a">Wallingford witness.</subfield></datafield><datafield ind1=" " ind2=" " tag="260"><subfield code="a">Wallingford, Conn. :</subfield><subfield code="b">J.E. Beale, ed.</subfield></datafield><datafield ind1=" " ind2=" " tag="300"><subfield code="a">v.</subfield></datafield><datafield ind1=" " ind2=" " tag="310"><subfield code="a">Weekly</subfield></datafield><datafield ind1="1" ind2=" " tag="362"><subfield code="a">Began in 1886.</subfield></datafield><datafield ind1=" " ind2=" " tag="580"><subfield code="a">G.A.R. ed.: Daily witness (Wallingford, Conn.), Nov. 8, 1886-18.</subfield></datafield><datafield ind1=" " ind2=" " tag="588"><subfield code="a">Description based on: Vol. 1, no. 16 (July 2, 1886).</subfield></datafield><datafield ind1=" " ind2="0" tag="651"><subfield code="a">Wallingford (Conn.)</subfield><subfield code="v">Newspapers.</subfield></datafield><datafield ind1=" " ind2="7" tag="655"><subfield code="a">Newspapers.</subfield><subfield code="2">fast</subfield><subfield code="0">(OCoLC)fst01423814</subfield></datafield><datafield ind1=" " ind2="7" tag="651"><subfield code="a">Connecticut</subfield><subfield code="z">Wallingford.</subfield><subfield code="2">fast</subfield><subfield code="0">(OCoLC)fst01205907</subfield></datafield><datafield ind1=" " ind2=" " tag="752"><subfield code="a">United States</subfield><subfield code="b">Connecticut</subfield><subfield code="c">New Haven</subfield><subfield code="d">Wallingford.</subfield></datafield><datafield ind1="1" ind2=" " tag="775"><subfield code="t">Daily witness (Wallingford, Conn.)</subfield><subfield code="w">(DLC)sn 94053285</subfield><subfield code="w">(OCoLC)31188860</subfield></datafield><datafield ind1="0" ind2="4" tag="785"><subfield code="t">Wallingford times (Wallingford, Conn. : 1891 : Weekly)</subfield><subfield code="w">(DLC)sn 93053918</subfield></datafield></record>